@book{stewartpre, 
    author={Stewart, James and Redlin, Lothar and Watson, Saleem},
    title={Precálculo matemáticas para el cálculo},
    place={México},
    edition={2}, 
    publisher={Cengage}, 
    year={2012}
}

@book{rae, 
    author={{Real Academia Española}}, 
    title={Diccionario de la lengua española}, 
    publisher={Dover Publications, Inc.}, 
    edition = {22},
    year={2001},
    url={http://www.rae.es/rae.html}
}

@article{Escudero,
    title = {Una aproximación a los cambios en el discurso matemático generado en el proceso de definir},
    author = {Escudero, I. and Gavilán, M. and Sánchez, G.},
    journal = {Revista Latinoamericana de Investigación en Matemática Educativa},
    year = {2014},
    volume = {17},
    number = {1},
    pages = {7-32},
}

@article{Tigreros,
    title = {La conceptualización de la variable en la enseñanza media},
    author = {Tigreros, M. and Inozano, D.},
    journal = {Educación Matemática},
    volume = {12},
    number = {2},
    pages = {27-48},
}

@mastersthesis{cor1,
  author       = {M. Coronel}, 
  title        = {Guía didáctica para la enseñanza de Matemática de los estudiantes de octavo año de la escuela de educación básica superior para personas con escolaridad inconclusa Tarqui, modalidad semipresencial intensiva},
  institution  = {Universidad Central del Ecuador},
  year         = {2020}
}

@online{Gaitan,
    author  = {Gaitán, V.},
    year    = {2013},
    title   = {Gamificación: el aprendizaje divertido},
    url     = {https://www.educativa.com/blog-articulos/gamificacion-el-aprendizaje-divertido/},
    urldate = {2023-03-01}
}

@online{youtube,
    title = {Some cool motion sensor stuff},
    year = {2015},
    organization = {Youtube},
    author = {Peter Zatko and  Ivan Poupyrev and  Rachid El
    Guerrab and  Regina Dugan},
    url = {https://www.youtube.com/watch?v=mpbWQbkl8_g#t=20m15s},
}